@misc{zhang2023irgen,
      title={IRGen: Generative Modeling for Image Retrieval}, 
      author={Yidan Zhang and Ting Zhang and Dong Chen and Yujing Wang and Qi Chen and Xing Xie and Hao Sun and Weiwei Deng and Qi Zhang and Fan Yang and Mao Yang and Qingmin Liao and Baining Guo},
      year={2023},
      eprint={2303.10126},
      archivePrefix={arXiv},
      primaryClass={cs.CV}
}

@misc{tay2022transformer,
      title={Transformer Memory as a Differentiable Search Index},  
      author={Yi Tay and Vinh Q. Tran and Mostafa Dehghani and Jianmo Ni and Dara Bahri and Harsh Mehta and Zhen Qin and Kai Hui and Zhe Zhao and Jai Gupta and Tal Schuster and William W. Cohen and Donald Metzler},
      year={2022},
      eprint={2202.06991},
      archivePrefix={arXiv},
      primaryClass={cs.CL}
}